@inproceedings {246310,
	author = {Tyler Hunt and Zhipeng Jia and Vance Miller and Ariel Szekely and Yige Hu and Christopher J. Rossbach and Emmett Witchel},
	title = {Telekine: Secure Computing with Cloud GPUs },
	booktitle = {17th {USENIX} Symposium on Networked Systems Design and Implementation ({NSDI} 20)},
	year = {2020},
	isbn = {978-1-939133-13-7},
	address = {Santa Clara, CA},
	pages = {817--833},
	url = {https://www.usenix.org/conference/nsdi20/presentation/hunt},
	publisher = {{USENIX} Association},
	month = feb,
}

@inproceedings{jang2019heterogeneous,
  title={Heterogeneous isolated execution for commodity gpus},
  author={Jang, Insu and Tang, Adrian and Kim, Taehoon and Sethumadhavan, Simha and Huh, Jaehyuk},
  booktitle={Proceedings of the Twenty-Fourth International Conference on Architectural Support for Programming Languages and Operating Systems},
  pages={455--468},
  year={2019}
}
